@article{abrahamyan2016adaptable,
  title={Adaptable history biases in human perceptual decisions},
  author={Abrahamyan, Arman and Silva, Laura Luz and Dakin, Steven C and Carandini, Matteo and Gardner, Justin L},
  journal={Proceedings of the National Academy of Sciences},
  volume={113},
  number={25},
  pages={E3548--E3557},
  year={2016},
  publisher={National Acad Sciences}
}

@article{averbeck2006neural,
  title={Neural correlations, population coding and computation},
  author={Averbeck, Bruno B and Latham, Peter E and Pouget, Alexandre},
  journal={Nature reviews neuroscience},
  volume={7},
  number={5},
  pages={358},
  year={2006},
  publisher={Nature Publishing Group}
}

@article{averbeck2003neural,
  title={Neural noise and movement-related codes in the macaque supplementary motor area},
  author={Averbeck, Bruno B and Lee, Daeyeol},
  journal={Journal of Neuroscience},
  volume={23},
  number={20},
  pages={7630--7641},
  year={2003},
  publisher={Soc Neuroscience}
}

@article{averbeck2006effects,
  title={Effects of noise correlations on information encoding and decoding},
  author={Averbeck, Bruno B and Lee, Daeyeol},
  journal={Journal of neurophysiology},
  volume={95},
  number={6},
  pages={3633--3644},
  year={2006},
  publisher={American Physiological Society}
}

@article{barraclough2004prefrontal,
  title={Prefrontal cortex and decision making in a mixed-strategy game},
  author={Barraclough, Dominic J and Conroy, Michelle L and Lee, Daeyeol},
  journal={Nature neuroscience},
  volume={7},
  number={4},
  pages={404},
  year={2004},
  publisher={Nature Publishing Group}
}

@article{barthas2017secondary,
  title={Secondary motor cortex: where ‘sensory’meets ‘motor’in the rodent frontal cortex},
  author={Barthas, Florent and Kwan, Alex C},
  journal={Trends in neurosciences},
  volume={40},
  number={3},
  pages={181--193},
  year={2017},
  publisher={Elsevier Current Trends}
}

@article{behrens2007learning,
  title={Learning the value of information in an uncertain world},
  author={Behrens, Timothy EJ and Woolrich, Mark W and Walton, Mark E and Rushworth, Matthew FS},
  journal={Nature neuroscience},
  volume={10},
  number={9},
  pages={1214},
  year={2007},
  publisher={Nature Publishing Group}
}

@article{bernacchia2011reservoir,
  title={A reservoir of time constants for memory traces in cortical neurons},
  author={Bernacchia, Alberto and Seo, Hyojung and Lee, Daeyeol and Wang, Xiao-Jing},
  journal={Nature neuroscience},
  volume={14},
  number={3},
  pages={366},
  year={2011},
  publisher={Nature Publishing Group}
}

@article{breiman2001random,
  title={Random forests},
  author={Breiman, Leo},
  journal={Machine learning},
  volume={45},
  number={1},
  pages={5--32},
  year={2001},
  publisher={Springer}
}

@article{chen2013ultrasensitive,
  title={Ultrasensitive fluorescent proteins for imaging neuronal activity},
  author={Chen, Tsai-Wen and Wardill, Trevor J and Sun, Yi and Pulver, Stefan R and Renninger, Sabine L and Baohan, Amy and Schreiter, Eric R and Kerr, Rex A and Orger, Michael B and Jayaraman, Vivek and others},
  journal={Nature},
  volume={499},
  number={7458},
  pages={295},
  year={2013},
  publisher={Nature Publishing Group}
}

@article{chen2017map,
  title={A map of anticipatory activity in mouse motor cortex},
  author={Chen, Tsai-Wen and Li, Nuo and Daie, Kayvon and Svoboda, Karel},
  journal={Neuron},
  volume={94},
  number={4},
  pages={866--879},
  year={2017},
  publisher={Elsevier}
}

@article{denk1990two,
  title={Two-photon laser scanning fluorescence microscopy},
  author={Denk, Winfried and Strickler, James H and Webb, Watt W},
  journal={Science},
  volume={248},
  number={4951},
  pages={73--76},
  year={1990},
  publisher={American Association for the Advancement of Science}
}

@article{donahue2013cortical,
  title={Cortical signals for rewarded actions and strategic exploration},
  author={Donahue, Christopher H and Seo, Hyojung and Lee, Daeyeol},
  journal={Neuron},
  volume={80},
  number={1},
  pages={223--234},
  year={2013},
  publisher={Elsevier}
}

@article{dubbs2016moco,
  title={moco: Fast motion correction for calcium imaging},
  author={Dubbs, Alexander and Guevara, James and Yuste, Rafael},
  journal={Frontiers in neuroinformatics},
  volume={10},
  pages={6},
  year={2016},
  publisher={Frontiers}
}

@article{farashahi2017metaplasticity,
  title={Metaplasticity as a neural substrate for adaptive learning and choice under uncertainty},
  author={Farashahi, Shiva and Donahue, Christopher H and Khorsand, Peyman and Seo, Hyojung and Lee, Daeyeol and Soltani, Alireza},
  journal={Neuron},
  volume={94},
  number={2},
  pages={401--414},
  year={2017},
  publisher={Elsevier}
}

@article{frund2014quantifying,
  title={Quantifying the effect of intertrial dependence on perceptual decisions},
  author={Fr{\"u}nd, Ingo and Wichmann, Felix A and Macke, Jakob H},
  journal={Journal of vision},
  volume={14},
  number={7},
  pages={9--9},
  year={2014},
  publisher={The Association for Research in Vision and Ophthalmology}
}

@article{genovesio2006representation,
  title={Representation of future and previous spatial goals by separate neural populations in prefrontal cortex},
  author={Genovesio, Aldo and Brasted, Peter J and Wise, Steven P},
  journal={Journal of Neuroscience},
  volume={26},
  number={27},
  pages={7305--7316},
  year={2006},
  publisher={Soc Neuroscience}
}

@article{genovesio2014autonomous,
  title={Autonomous encoding of irrelevant goals and outcomes by prefrontal cortex neurons},
  author={Genovesio, Aldo and Tsujimoto, Satoshi and Navarra, Giulia and Falcone, Rossella and Wise, Steven P},
  journal={Journal of Neuroscience},
  volume={34},
  number={5},
  pages={1970--1978},
  year={2014},
  publisher={Soc Neuroscience}
}

@article{gremel2013premotor,
  title={Premotor cortex is critical for goal-directed actions},
  author={Gremel, Christina and Costa, Rui},
  journal={Frontiers in computational neuroscience},
  volume={7},
  pages={110},
  year={2013},
  publisher={Frontiers}
}

@article{guo2014flow,
  title={Flow of cortical activity underlying a tactile decision in mice},
  author={Guo, Zengcai V and Li, Nuo and Huber, Daniel and Ophir, Eran and Gutnisky, Diego and Ting, Jonathan T and Feng, Guoping and Svoboda, Karel},
  journal={Neuron},
  volume={81},
  number={1},
  pages={179--194},
  year={2014},
  publisher={Elsevier}
}

@article{hangya2015central,
  title={Central cholinergic neurons are rapidly recruited by reinforcement feedback},
  author={Hangya, Bal{\'a}zs and Ranade, Sachin P and Lorenc, Maja and Kepecs, Adam},
  journal={Cell},
  volume={162},
  number={5},
  pages={1155--1168},
  year={2015},
  publisher={Elsevier}
}

@article{histed2009learning,
  title={Learning substrates in the primate prefrontal cortex and striatum: sustained activity related to successful actions},
  author={Histed, Mark H and Pasupathy, Anitha and Miller, Earl K},
  journal={Neuron},
  volume={63},
  number={2},
  pages={244--253},
  year={2009},
  publisher={Elsevier}
}

@article{hosp2011dopaminergic,
  title={Dopaminergic projections from midbrain to primary motor cortex mediate motor skill learning},
  author={Hosp, Jonas A and Pekanovic, Ana and Rioult-Pedotti, Mengia S and Luft, Andreas R},
  journal={Journal of Neuroscience},
  volume={31},
  number={7},
  pages={2481--2487},
  year={2011},
  publisher={Soc Neuroscience}
}

@article{hwang2017history,
  title={History-based action selection bias in posterior parietal cortex},
  author={Hwang, Eun Jung and Dahlen, Jeffrey E and Mukundan, Madan and Komiyama, Takaki},
  journal={Nature communications},
  volume={8},
  number={1},
  pages={1242},
  year={2017},
  publisher={Nature Publishing Group}
}

@article{hyman2012action,
  title={Action and outcome activity state patterns in the anterior cingulate cortex},
  author={Hyman, James M and Whitman, Jennifer and Emberly, Eldon and Woodward, Todd S and Seamans, Jeremy K},
  journal={Cerebral Cortex},
  volume={23},
  number={6},
  pages={1257--1268},
  year={2012},
  publisher={Oxford University Press}
}

@article{hyman2017novel,
  title={A novel neural prediction error found in anterior cingulate cortex ensembles},
  author={Hyman, James Michael and Holroyd, Clay Brian and Seamans, Jeremy Keith},
  journal={Neuron},
  volume={95},
  number={2},
  pages={447--456},
  year={2017},
  publisher={Elsevier}
}

@article{kamigaki2017delay,
  title={Delay activity of specific prefrontal interneuron subtypes modulates memory-guided behavior},
  author={Kamigaki, Tsukasa and Dan, Yang},
  journal={Nature neuroscience},
  volume={20},
  number={6},
  pages={854},
  year={2017},
  publisher={Nature Publishing Group}
}

@article{kargo2007adaptation,
  title={Adaptation of prefrontal cortical firing patterns and their fidelity to changes in action--reward contingencies},
  author={Kargo, William J and Szatmary, Botond and Nitz, Douglas A},
  journal={Journal of Neuroscience},
  volume={27},
  number={13},
  pages={3548--3559},
  year={2007},
  publisher={Soc Neuroscience}
}

@article{kim2013signals,
  title={Signals for previous goal choice persist in the dorsomedial, but not dorsolateral striatum of rats},
  author={Kim, Hoseok and Lee, Daeyeol and Jung, Min Whan},
  journal={Journal of Neuroscience},
  volume={33},
  number={1},
  pages={52--63},
  year={2013},
  publisher={Soc Neuroscience}
}

@article{kvitsiani2013distinct,
  title={Distinct behavioural and network correlates of two interneuron types in prefrontal cortex},
  author={Kvitsiani, D and Ranade, S and Hangya, B and Taniguchi, H and Huang, JZ and Kepecs, A},
  journal={Nature},
  volume={498},
  number={7454},
  pages={363},
  year={2013},
  publisher={Nature Publishing Group}
}

@article{lapish2008successful,
  title={Successful choice behavior is associated with distinct and coherent network states in anterior cingulate cortex},
  author={Lapish, Christopher C and Durstewitz, Daniel and Chandler, L Judson and Seamans, Jeremy K},
  journal={Proceedings of the National Academy of Sciences},
  volume={105},
  number={33},
  pages={11963--11968},
  year={2008},
  publisher={National Acad Sciences}
}

@article{leemburg2018motor,
  title={Motor skill learning and reward consumption differentially affect VTA activation},
  author={Leemburg, Susan and Canonica, Tara and Luft, Andreas},
  journal={Scientific reports},
  volume={8},
  number={1},
  pages={687},
  year={2018},
  publisher={Nature Publishing Group}
}

@article{li2015motor,
  title={A motor cortex circuit for motor planning and movement},
  author={Li, Nuo and Chen, Tsai-Wen and Guo, Zengcai V and Gerfen, Charles R and Svoboda, Karel},
  journal={Nature},
  volume={519},
  number={7541},
  pages={51},
  year={2015},
  publisher={Nature Publishing Group}
}

@article{makino2017transformation,
  title={Transformation of cortex-wide emergent properties during motor learning},
  author={Makino, Hiroshi and Ren, Chi and Liu, Haixin and Kim, An Na and Kondapaneni, Neehar and Liu, Xin and Kuzum, Duygu and Komiyama, Takaki},
  journal={Neuron},
  volume={94},
  number={4},
  pages={880--890},
  year={2017},
  publisher={Elsevier}
}

@article{morcos2016history,
  title={History-dependent variability in population dynamics during evidence accumulation in cortex},
  author={Morcos, Ari S and Harvey, Christopher D},
  journal={Nature neuroscience},
  volume={19},
  number={12},
  pages={1672},
  year={2016},
  publisher={Nature Publishing Group}
}

@article{murakami2014neural,
  title={Neural antecedents of self-initiated actions in secondary motor cortex},
  author={Murakami, Masayoshi and Vicente, M In{\^e}s and Costa, Gil M and Mainen, Zachary F},
  journal={Nature neuroscience},
  volume={17},
  number={11},
  pages={1574},
  year={2014},
  publisher={Nature Publishing Group}
}

@article{narayanan2013common,
  title={Common medial frontal mechanisms of adaptive control in humans and rodents},
  author={Narayanan, Nandakumar S and Cavanagh, James F and Frank, Michael J and Laubach, Mark},
  journal={Nature neuroscience},
  volume={16},
  number={12},
  pages={1888},
  year={2013},
  publisher={Nature Publishing Group}
}

@article{narayanan2005redundancy,
  title={Redundancy and synergy of neuronal ensembles in motor cortex},
  author={Narayanan, Nandakumar S and Kimchi, Eyal Y and Laubach, Mark},
  journal={Journal of Neuroscience},
  volume={25},
  number={17},
  pages={4207--4216},
  year={2005},
  publisher={Soc Neuroscience}
}

@article{ostlund2009evidence,
  title={Evidence of action sequence chunking in goal-directed instrumental conditioning and its dependence on the dorsomedial prefrontal cortex},
  author={Ostlund, Sean B and Winterbauer, Neil E and Balleine, Bernard W},
  journal={Journal of Neuroscience},
  volume={29},
  number={25},
  pages={8280--8287},
  year={2009},
  publisher={Soc Neuroscience}
}

@article{otis2017prefrontal,
  title={Prefrontal cortex output circuits guide reward seeking through divergent cue encoding},
  author={Otis, James M and Namboodiri, Vijay MK and Matan, Ana M and Voets, Elisa S and Mohorn, Emily P and Kosyk, Oksana and McHenry, Jenna A and Robinson, J Elliott and Resendez, Shanna L and Rossi, Mark A and others},
  journal={Nature},
  volume={543},
  number={7643},
  pages={103},
  year={2017},
  publisher={Nature Publishing Group}
}

@article{passingham1988premotor,
  title={Premotor cortex in the rat.},
  author={Passingham, RE and Myers, C and Rawlins, N and Lightfoot, V and Fearn, S},
  journal={Behavioral neuroscience},
  volume={102},
  number={1},
  pages={101},
  year={1988},
  publisher={American Psychological Association}
}

@article{pinto2015cell,
  title={Cell-type-specific activity in prefrontal cortex during goal-directed behavior},
  author={Pinto, Lucas and Dan, Yang},
  journal={Neuron},
  volume={87},
  number={2},
  pages={437--450},
  year={2015},
  publisher={Elsevier}
}

@article{pologruto2003scanimage,
  title={ScanImage: flexible software for operating laser scanning microscopes},
  author={Pologruto, Thomas A and Sabatini, Bernardo L and Svoboda, Karel},
  journal={Biomedical engineering online},
  volume={2},
  number={1},
  pages={13},
  year={2003},
  publisher={BioMed Central}
}


@article{reep1999topographic,
  title={Topographic organization of the striatal and thalamic connections of rat medial agranular cortex},
  author={Reep, RL and Corwin, JV},
  journal={Brain research},
  volume={841},
  number={1-2},
  pages={43--52},
  year={1999},
  publisher={Elsevier}
}

@article{schneider2012nih,
  title={NIH Image to ImageJ: 25 years of image analysis},
  author={Schneider, Caroline A and Rasband, Wayne S and Eliceiri, Kevin W},
  journal={Nature methods},
  volume={9},
  number={7},
  pages={671},
  year={2012},
  publisher={Nature Publishing Group}
}

@article{schultz1997neural,
  title={A neural substrate of prediction and reward},
  author={Schultz, Wolfram and Dayan, Peter and Montague, P Read},
  journal={Science},
  volume={275},
  number={5306},
  pages={1593--1599},
  year={1997},
  publisher={American Association for the Advancement of Science}
}

@article{seo2007dynamic,
  title={Dynamic signals related to choices and outcomes in the dorsolateral prefrontal cortex},
  author={Seo, Hyojung and Barraclough, Dominic J and Lee, Daeyeol},
  journal={Cerebral Cortex},
  volume={17},
  number={suppl\_1},
  pages={i110--i117},
  year={2007},
  publisher={Oxford University Press}
}

@article{sesack1989topographical,
  title={Topographical organization of the efferent projections of the medial prefrontal cortex in the rat: an anterograde tract-tracing study with Phaseolus vulgaris leucoagglutinin},
  author={Sesack, Susan R and Deutch, Ariel Y and Roth, Robert H and Bunney, Benjamin S},
  journal={Journal of Comparative Neurology},
  volume={290},
  number={2},
  pages={213--242},
  year={1989},
  publisher={Wiley Online Library}
}

@article{siniscalchi2016fast,
  title={Fast and slow transitions in frontal ensemble activity during flexible sensorimotor behavior},
  author={Siniscalchi, Michael J and Phoumthipphavong, Victoria and Ali, Farhan and Lozano, Marc and Kwan, Alex C},
  journal={Nature neuroscience},
  volume={19},
  number={9},
  pages={1234},
  year={2016},
  publisher={Nature Publishing Group}
}

@article{slotnick2009simple,
  title={A simple 2-transistor touch or lick detector circuit},
  author={Slotnick, Burton},
  journal={Journal of the experimental analysis of behavior},
  volume={91},
  number={2},
  pages={253},
  year={2009},
  publisher={Society for the Experimental Analysis of Behavior}
}

@article{sul2010distinct,
  title={Distinct roles of rodent orbitofrontal and medial prefrontal cortex in decision making},
  author={Sul, Jung Hoon and Kim, Hoseok and Huh, Namjung and Lee, Daeyeol and Jung, Min Whan},
  journal={Neuron},
  volume={66},
  number={3},
  pages={449--460},
  year={2010},
  publisher={Elsevier}
}

@article{sul2011role,
  title={Role of rodent secondary motor cortex in value-based action selection},
  author={Sul, Jung Hoon and Jo, Suhyun and Lee, Daeyeol and Jung, Min Whan},
  journal={Nature neuroscience},
  volume={14},
  number={9},
  pages={1202},
  year={2011},
  publisher={Nature Publishing Group}
}

@article{takehara2008spontaneous,
  title={Spontaneous changes of neocortical code for associative memory during consolidation},
  author={Takehara-Nishiuchi, Kaori and McNaughton, Bruce L},
  journal={Science},
  volume={322},
  number={5903},
  pages={960--963},
  year={2008},
  publisher={American Association for the Advancement of Science}
}

@article{thevenaz1998pyramid,
  title={A pyramid approach to subpixel registration based on intensity},
  author={Thevenaz, Philippe and Ruttimann, Urs E and Unser, Michael},
  journal={IEEE transactions on image processing},
  volume={7},
  number={1},
  pages={27--41},
  year={1998},
  publisher={IEEE}
}

@article{yuan2014cortical,
  title={Cortical neural responses to previous trial outcome during learning of a directional choice task},
  author={Yuan, Yuan and Mao, Hongwei and Si, Jennie},
  journal={Journal of neurophysiology},
  volume={113},
  number={7},
  pages={1963--1976},
  year={2014},
  publisher={American Physiological Society Bethesda, MD}
}

% From Nature Neuroscience Paper:

@article{griffiths2014translational,
  title={Translational studies of goal-directed action as a framework for classifying deficits across psychiatric disorders},
  author={Griffiths, Kristi R and Morris, Richard W and Balleine, Bernard W},
  journal={Frontiers in systems neuroscience},
  volume={8},
  pages={101},
  year={2014},
  publisher={Frontiers}
}

@article{leutgeb2005independent,
  title={Independent codes for spatial and episodic memory in hippocampal neuronal ensembles},
  author={Leutgeb, Stefan and Leutgeb, Jill K and Barnes, Carol A and Moser, Edvard I and McNaughton, Bruce L and Moser, May-Britt},
  journal={Science},
  volume={309},
  number={5734},
  pages={619--623},
  year={2005},
  publisher={American Association for the Advancement of Science}
}

@article{hyman2012contextual,
  title={Contextual encoding by ensembles of medial prefrontal cortex neurons},
  author={Hyman, James M and Ma, Liya and Balaguer-Ballester, Emili and Durstewitz, Daniel and Seamans, Jeremy K},
  journal={Proceedings of the National Academy of Sciences},
  volume={109},
  number={13},
  pages={5086--5091},
  year={2012},
  publisher={National Academy of Sciences}
}

@article{schneider2014synaptic,
  title={A synaptic and circuit basis for corollary discharge in the auditory cortex},
  author={Schneider, David M and Nelson, Anders and Mooney, Richard},
  journal={Nature},
  volume={513},
  number={7517},
  pages={189--194},
  year={2014},
  publisher={Nature Publishing Group}
}

@article{nachev2008functional,
  title={Functional role of the supplementary and pre-supplementary motor areas},
  author={Nachev, Parashkev and Kennard, Christopher and Husain, Masud},
  journal={Nature Reviews Neuroscience},
  volume={9},
  number={11},
  pages={856--869},
  year={2008},
  publisher={Nature Publishing Group}
}

@article{petrides1985deficits,
  title={Deficits on conditional associative-learning tasks after frontal-and temporal-lobe lesions in man},
  author={Petrides, Michael},
  journal={Neuropsychologia},
  volume={23},
  number={5},
  pages={601--614},
  year={1985},
  publisher={Elsevier}
}

@article{asaad1998neural,
  title={Neural activity in the primate prefrontal cortex during associative learning},
  author={Asaad, Wael F and Rainer, Gregor and Miller, Earl K},
  journal={Neuron},
  volume={21},
  number={6},
  pages={1399--1407},
  year={1998},
  publisher={Cell Press}
}

@article{wallis2001single,
  title={Single neurons in prefrontal cortex encode abstract rules},
  author={Wallis, Jonathan D and Anderson, Kathleen C and Miller, Earl K},
  journal={Nature},
  volume={411},
  number={6840},
  pages={953--956},
  year={2001},
  publisher={Nature Publishing Group}
}

@article{fusi2007neural,
  title={A neural circuit model of flexible sensorimotor mapping: learning and forgetting on multiple timescales},
  author={Fusi, Stefano and Asaad, Wael F and Miller, Earl K and Wang, Xiao-Jing},
  journal={Neuron},
  volume={54},
  number={2},
  pages={319--333},
  year={2007},
  publisher={Elsevier}
}

@inproceedings{brendel2011demixed,
  title={Demixed principal component analysis},
  author={Brendel, Wieland and Romo, Ranulfo and Machens, Christian K},
  booktitle={Advances in neural information processing systems},
  pages={2654--2662},
  year={2011}
}

@article{mante2013context,
  title={Context-dependent computation by recurrent dynamics in prefrontal cortex},
  author={Mante, Valerio and Sussillo, David and Shenoy, Krishna V and Newsome, William T},
  journal={nature},
  volume={503},
  number={7474},
  pages={78--84},
  year={2013},
  publisher={Nature Publishing Group}
}

@article{rodgers2014neural,
  title={Neural correlates of task switching in prefrontal cortex and primary auditory cortex in a novel stimulus selection task for rodents},
  author={Rodgers, Chris C and DeWeese, Michael R},
  journal={Neuron},
  volume={82},
  number={5},
  pages={1157--1170},
  year={2014},
  publisher={Elsevier}
}

@article{rushworth2002role,
  title={Role of the human medial frontal cortex in task switching: a combined fMRI and TMS study},
  author={Rushworth, MFS and Hadland, KA and Paus, T and Sipila, PK},
  journal={Journal of neurophysiology},
  volume={87},
  number={5},
  pages={2577--2592},
  year={2002},
  publisher={Am Physiological Soc}
}

@article{darrah2008interaction,
  title={Interaction of N-methyl-D-aspartate and group 5 metabotropic glutamate receptors on behavioral flexibility using a novel operant set-shift paradigm},
  author={Darrah, Justin M and Stefani, Mark R and Moghaddam, Bita},
  journal={Behavioural pharmacology},
  volume={19},
  number={3},
  pages={225},
  year={2008},
  publisher={NIH Public Access}
}

@article{duan2015requirement,
  title={Requirement of prefrontal and midbrain regions for rapid executive control of behavior in the rat},
  author={Duan, Chunyu A and Erlich, Jeffrey C and Brody, Carlos D},
  journal={Neuron},
  volume={86},
  number={6},
  pages={1491--1503},
  year={2015},
  publisher={Elsevier}
}

@article{karlsson2012network,
  title={Network resets in medial prefrontal cortex mark the onset of behavioral uncertainty},
  author={Karlsson, Mattias P and Tervo, Dougal GR and Karpova, Alla Y},
  journal={Science},
  volume={338},
  number={6103},
  pages={135--139},
  year={2012},
  publisher={American Association for the Advancement of Science}
}

@article{wills2005attractor,
  title={Attractor dynamics in the hippocampal representation of the local environment},
  author={Wills, Tom J and Lever, Colin and Cacucci, Francesca and Burgess, Neil and O'Keefe, John},
  journal={Science},
  volume={308},
  number={5723},
  pages={873--876},
  year={2005},
  publisher={American Association for the Advancement of Science}
}

@article{halsband1985premotor,
  title={Premotor cortex and the conditions for movement in monkeys (Macaca fascicularis)},
  author={Halsband, U and Passingham, RE},
  journal={Behavioural brain research},
  volume={18},
  number={3},
  pages={269--277},
  year={1985},
  publisher={Elsevier}
}

@incollection{murray2000role,
  title={Role of prefrontal cortex in a network for arbitrary visuomotor mapping},
  author={Murray, Elisabeth A and Bussey, Timothy J and Wise, Steven P},
  booktitle={Executive Control and the Frontal Lobe: Current Issues},
  pages={114--129},
  year={2000},
  publisher={Springer, Berlin, Heidelberg}
}

@article{wise2000arbitrary,
  title={Arbitrary associations between antecedents and actions},
  author={Wise, Steven P and Murray, Elisabeth A},
  journal={Trends in neurosciences},
  volume={23},
  number={6},
  pages={271--276},
  year={2000},
  publisher={Elsevier Current Trends}
}

@article{brasted2004comparison,
  title={Comparison of learning-related neuronal activity in the dorsal premotor cortex and striatum},
  author={Brasted, Peter J and Wise, Steven P},
  journal={European Journal of Neuroscience},
  volume={19},
  number={3},
  pages={721--740},
  year={2004},
  publisher={Blackwell Science Ltd Oxford, UK}
}

@article{chen1995neuronal,
  title={Neuronal activity in the supplementary eye field during acquisition of conditional oculomotor associations},
  author={Chen, LONGTANG L and Wise, STEVEN P},
  journal={Journal of Neurophysiology},
  volume={73},
  number={3},
  pages={1101--1121},
  year={1995},
  publisher={Am Physiological Soc}
}

@article{asaad2000task,
  title={Task-specific neural activity in the primate prefrontal cortex},
  author={Asaad, Wael F and Rainer, Gregor and Miller, Earl K},
  journal={Journal of Neurophysiology},
  volume={84},
  number={1},
  pages={451--459},
  year={2000},
  publisher={Am Physiological Soc}
}

@article{antzoulatos2011differences,
  title={Differences between neural activity in prefrontal cortex and striatum during learning of novel abstract categories},
  author={Antzoulatos, Evan G and Miller, Earl K},
  journal={Neuron},
  volume={71},
  number={2},
  pages={243--249},
  year={2011},
  publisher={Elsevier}
}

@article{erlich2011cortical,
  title={A cortical substrate for memory-guided orienting in the rat},
  author={Erlich, Jeffrey C and Bialek, Max and Brody, Carlos D},
  journal={Neuron},
  volume={72},
  number={2},
  pages={330--343},
  year={2011},
  publisher={Elsevier}
}

@article{isoda2007switching,
  title={Switching from automatic to controlled action by monkey medial frontal cortex},
  author={Isoda, Masaki and Hikosaka, Okihide},
  journal={Nature neuroscience},
  volume={10},
  number={2},
  pages={240--248},
  year={2007},
  publisher={Nature Publishing Group}
}

@article{peron2015cellular,
  title={A cellular resolution map of barrel cortex activity during tactile behavior},
  author={Peron, Simon P and Freeman, Jeremy and Iyer, Vijay and Guo, Caiying and Svoboda, Karel},
  journal={Neuron},
  volume={86},
  number={3},
  pages={783--799},
  year={2015},
  publisher={Elsevier}
}

@article{mitz1991learning,
  title={Learning-dependent neuronal activity in the premotor cortex: activity during the acquisition of conditional motor associations},
  author={Mitz, Andrew R and Godschalk, Moshe and Wise, Steven P},
  journal={Journal of Neuroscience},
  volume={11},
  number={6},
  pages={1855--1872},
  year={1991},
  publisher={Society for Neuroscience}
}

@article{schall2002monitoring,
  title={Monitoring and control of action by the frontal lobes},
  author={Schall, Jeffrey D and Stuphorn, Veit and Brown, Joshua W},
  journal={Neuron},
  volume={36},
  number={2},
  pages={309--322},
  year={2002},
  publisher={Cell Press}
}

@article{manita2015top,
  title={A top-down cortical circuit for accurate sensory perception},
  author={Manita, Satoshi and Suzuki, Takayuki and Homma, Chihiro and Matsumoto, Takashi and Odagawa, Maya and Yamada, Kazuyuki and Ota, Keisuke and Matsubara, Chie and Inutsuka, Ayumu and Sato, Masaaki and others},
  journal={Neuron},
  volume={86},
  number={5},
  pages={1304--1316},
  year={2015},
  publisher={Elsevier}
}

@article{bunge2005neural,
  title={Neural circuitry underlying rule use in humans and nonhuman primates},
  author={Bunge, Silvia A and Wallis, Jonathan D and Parker, Amanda and Brass, Marcel and Crone, Eveline A and Hoshi, Eiji and Sakai, Katsuyuki},
  journal={Journal of Neuroscience},
  volume={25},
  number={45},
  pages={10347--10350},
  year={2005},
  publisher={Society for Neuroscience}
}

@article{rich2009rat,
  title={Rat prefrontal cortical neurons selectively code strategy switches},
  author={Rich, Erin L and Shapiro, Matthew},
  journal={Journal of Neuroscience},
  volume={29},
  number={22},
  pages={7208--7219},
  year={2009},
  publisher={Society for Neuroscience}
}

@article{preuss1995rats,
  title={Do rats have prefrontal cortex? The Rose-Woolsey-Akert program reconsidered},
  author={Preuss, Todd M},
  journal={Journal of cognitive neuroscience},
  volume={7},
  number={1},
  pages={1--24},
  year={1995},
  publisher={MIT Press 238 Main St., Suite 500, Cambridge, MA 02142-1046 USA journals~…}
}

@article{pasupathy2005different,
  title={Different time courses of learning-related activity in the prefrontal cortex and striatum},
  author={Pasupathy, Anitha and Miller, Earl K},
  journal={Nature},
  volume={433},
  number={7028},
  pages={873--876},
  year={2005},
  publisher={Nature Publishing Group}
}

@article{durstewitz2010abrupt,
  title={Abrupt transitions between prefrontal neural ensemble states accompany behavioral transitions during rule learning},
  author={Durstewitz, Daniel and Vittoz, Nicole M and Floresco, Stan B and Seamans, Jeremy K},
  journal={Neuron},
  volume={66},
  number={3},
  pages={438--448},
  year={2010},
  publisher={Elsevier}
}

@article{rothwell2015input,
  title={Input-and output-specific regulation of serial order performance by corticostriatal circuits},
  author={Rothwell, Patrick E and Hayton, Scott J and Sun, Gordon L and Fuccillo, Marc V and Lim, Byung Kook and Malenka, Robert C},
  journal={Neuron},
  volume={88},
  number={2},
  pages={345--356},
  year={2015},
  publisher={Elsevier}
}

@article{boettiger2005frontal,
  title={Frontal networks for learning and executing arbitrary stimulus-response associations},
  author={Boettiger, Charlotte A and D'Esposito, Mark},
  journal={Journal of Neuroscience},
  volume={25},
  number={10},
  pages={2723--2732},
  year={2005},
  publisher={Society for Neuroscience}
}

@article{wilson2014orbitofrontal,
  title={Orbitofrontal cortex as a cognitive map of task space},
  author={Wilson, Robert C and Takahashi, Yuji K and Schoenbaum, Geoffrey and Niv, Yael},
  journal={Neuron},
  volume={81},
  number={2},
  pages={267--279},
  year={2014},
  publisher={Elsevier}
}

@article{nixon2004cortico,
  title={Cortico-basal ganglia pathways are essential for the recall of well--established visuomotor associations},
  author={Nixon, Philip D and McDonald, Kathryn R and Gough, Patricia M and Alexander, Iona H and Passingham, Richard E},
  journal={European Journal of Neuroscience},
  volume={20},
  number={11},
  pages={3165--3178},
  year={2004},
  publisher={Blackwell Science Ltd Oxford, UK}
}

@article{znamenskiy2013corticostriatal,
  title={Corticostriatal neurons in auditory cortex drive decisions during auditory discrimination},
  author={Znamenskiy, Petr and Zador, Anthony M},
  journal={Nature},
  volume={497},
  number={7450},
  pages={482--485},
  year={2013},
  publisher={Nature Publishing Group}
}

@article{toni2001learning,
  title={Learning arbitrary visuomotor associations: temporal dynamic of brain activity},
  author={Toni, Ivan and Ramnani, Narender and Josephs, Oliver and Ashburner, John and Passingham, Richard E},
  journal={Neuroimage},
  volume={14},
  number={5},
  pages={1048--1057},
  year={2001},
  publisher={Academic Press}
}

@article{stokes2013dynamic,
  title={Dynamic coding for cognitive control in prefrontal cortex},
  author={Stokes, Mark G and Kusunoki, Makoto and Sigala, Natasha and Nili, Hamed and Gaffan, David and Duncan, John},
  journal={Neuron},
  volume={78},
  number={2},
  pages={364--375},
  year={2013},
  publisher={Elsevier}
}

@article{white1999rule,
  title={Rule-dependent neuronal activity in the prefrontal cortex},
  author={White, Ilsun M and Wise, Steven P},
  journal={Experimental brain research},
  volume={126},
  number={3},
  pages={315--335},
  year={1999},
  publisher={Springer-Verlag}
}

@article{machens2010functional,
  title={Functional, but not anatomical, separation of “what” and “when” in prefrontal cortex},
  author={Machens, Christian K and Romo, Ranulfo and Brody, Carlos D},
  journal={Journal of Neuroscience},
  volume={30},
  number={1},
  pages={350--360},
  year={2010},
  publisher={Society for Neuroscience}
}

% FOR NEW MANUSCRIPT on cortical cell types and flexible sensorimotor behavior:

@article{ali20,
   author = {Ali, Farhan and Gerhard, Danielle M and Sweasy, Katherine and Pothula, Santosh and Pittenger, Christopher and Duman, Ronald S and Kwan, Alex C},
   title = {Ketamine disinhibits dendrites and enhances calcium signals in prefrontal dendritic spines},
   journal = {Nature Communications},
   volume = {11},
   number = {1},
   pages = {1-15},
   ISSN = {2041-1723},
   year = {2020},
   type = {Journal Article}
}

@article{daigle18,
   author = {Daigle, Tanya L and Madisen, Linda and Hage, Travis A and Valley, Matthew T and Knoblich, Ulf and Larsen, Rylan S and Takeno, Marc M and Huang, Lawrence and Gu, Hong and Larsen, Rachael},
   title = {A suite of transgenic driver and reporter mouse lines with enhanced brain-cell-type targeting and functionality},
   journal = {Cell},
   volume = {174},
   number = {2},
   pages = {465-480. e22},
   ISSN = {0092-8674},
   year = {2018},
   type = {Journal Article}
}

@article{devries20,
   author = {de Vries, Saskia EJ and Lecoq, Jerome A and Buice, Michael A and Groblewski, Peter A and Ocker, Gabriel K and Oliver, Michael and Feng, David and Cain, Nicholas and Ledochowitsch, Peter and Millman, Daniel},
   title = {A large-scale standardized physiological survey reveals functional organization of the mouse visual cortex},
   journal = {Nature Neuroscience},
   volume = {23},
   number = {1},
   pages = {138-151},
   ISSN = {1546-1726},
   year = {2020},
   type = {Journal Article}
}

@article{halsband82,
   author = {Halsband, Ulrike and Passingham, Richard},
   title = {The role of premotor and parietal cortex in the direction of action},
   journal = {Brain research},
   volume = {240},
   number = {2},
   pages = {368-372},
   ISSN = {0006-8993},
   year = {1982},
   type = {Journal Article}
}

@article{jeong20,
   author = {Jeong, Huijeong and Kim, Dohoung and Song, Min and Paik, Se-Bum and Jung, Min Whan},
   title = {Distinct roles of parvalbumin-and somatostatin-expressing neurons in flexible representation of task variables in the prefrontal cortex},
   journal = {Progress in Neurobiology},
   volume = {187},
   pages = {101773},
   ISSN = {0301-0082},
   year = {2020},
   type = {Journal Article}
}

@article{kuchibhotla17,
   author = {Kuchibhotla, Kishore V and Gill, Jonathan V and Lindsay, Grace W and Papadoyannis, Eleni S and Field, Rachel E and Sten, Tom A Hindmarsh and Miller, Kenneth D and Froemke, Robert C},
   title = {Parallel processing by cortical inhibition enables context-dependent behavior},
   journal = {Nature neuroscience},
   volume = {20},
   number = {1},
   pages = {62-71},
   ISSN = {1546-1726},
   year = {2017},
   type = {Journal Article}
}

@article{kvitsiani13,
   author = {Kvitsiani, D and Ranade, S and Hangya, B and Taniguchi, H and Huang, JZ and Kepecs, A},
   title = {Distinct behavioural and network correlates of two interneuron types in prefrontal cortex},
   journal = {Nature},
   volume = {498},
   number = {7454},
   pages = {363-366},
   ISSN = {1476-4687},
   year = {2013},
   type = {Journal Article}
}

@article{mitz91,
   author = {Mitz, Andrew R and Godschalk, Moshe and Wise, Steven P},
   title = {Learning-dependent neuronal activity in the premotor cortex: activity during the acquisition of conditional motor associations},
   journal = {Journal of Neuroscience},
   volume = {11},
   number = {6},
   pages = {1855-1872},
   ISSN = {0270-6474},
   url = {https://www.jneurosci.org/content/jneuro/11/6/1855.full.pdf},
   year = {1991},
   type = {Journal Article}
}

@article{passingham88,
   author = {Passingham, RE},
   title = {Premotor cortex and preparation for movement},
   journal = {Experimental Brain Research},
   volume = {70},
   number = {3},
   pages = {590-596},
   ISSN = {0014-4819},
   url = {https://link.springer.com/content/pdf/10.1007/BF00247607.pdf},
   year = {1988},
   type = {Journal Article}
}

@article{pi13,
   author = {Pi, Hyun-Jae and Hangya, Balázs and Kvitsiani, Duda and Sanders, Joshua I and Huang, Z Josh and Kepecs, Adam},
   title = {Cortical interneurons that specialize in disinhibitory control},
   journal = {Nature},
   volume = {503},
   number = {7477},
   pages = {521-524},
   ISSN = {1476-4687},
   year = {2013},
   type = {Journal Article}
}

@article{pinto15,
   author = {Pinto, Lucas and Dan, Yang},
   title = {Cell-type-specific activity in prefrontal cortex during goal-directed behavior},
   journal = {Neuron},
   volume = {87},
   number = {2},
   pages = {437-450},
   ISSN = {0896-6273},
   year = {2015},
   type = {Journal Article}
}

@article{pologruto03,
   author = {Pologruto, Thomas A and Sabatini, Bernardo L and Svoboda, Karel},
   title = {ScanImage: flexible software for operating laser scanning microscopes},
   journal = {Biomedical engineering online},
   volume = {2},
   number = {1},
   pages = {13},
   ISSN = {1475-925X},
   year = {2003},
   type = {Journal Article}
}

@article{taniguchi11,
   author = {Taniguchi, Hiroki and He, Miao and Wu, Priscilla and Kim, Sangyong and Paik, Raehum and Sugino, Ken and Kvitsani, Duda and Fu, Yu and Lu, Jiangteng and Lin, Ying},
   title = {A resource of Cre driver lines for genetic targeting of GABAergic neurons in cerebral cortex},
   journal = {Neuron},
   volume = {71},
   number = {6},
   pages = {995-1013},
   ISSN = {0896-6273},
   year = {2011},
   type = {Journal Article}
}

